<?xml version="1.0" encoding="UTF-8"?><record xmlns="http://www.loc.gov/MARC21/slim" xmlns:cinclude="http://apache.org/cocoon/include/1.0" xmlns:zs="http://www.loc.gov/zing/srw/">
  <leader>00497nz  a2200157n  4500</leader>
  <controlfield tag="001">no2002011919</controlfield>
  <controlfield tag="003">DLC</controlfield>
  <controlfield tag="005">20020213054138.0</controlfield>
  <controlfield tag="008">020212n| acannaabn          |a aaa      </controlfield>
  <datafield tag="010" ind1=" " ind2=" ">
    <subfield code="a">no2002011919</subfield>
  </datafield>
  <datafield tag="035" ind1=" " ind2=" ">
    <subfield code="a">(OCoLC)oca05690199</subfield>
  </datafield>
  <datafield tag="040" ind1=" " ind2=" ">
    <subfield code="a">DLC-OI</subfield>
    <subfield code="b">eng</subfield>
    <subfield code="c">DLC-OI</subfield>
  </datafield>
  <datafield tag="100" ind1="1" ind2=" ">
    <subfield code="a">Kartikasari, S. N.</subfield>
    <subfield code="q">(Sri Nurani)</subfield>
  </datafield>
  <datafield tag="400" ind1="0" ind2=" ">
    <subfield code="a">Sri Nurani Kartikasari</subfield>
  </datafield>
  <datafield tag="400" ind1="1" ind2=" ">
    <subfield code="a">Kartikasari, Sri Nurani</subfield>
  </datafield>
  <datafield tag="670" ind1=" " ind2=" ">
    <subfield code="a">Identikit jenis-jenis bambu di Jawa, 2001:</subfield>
    <subfield code="b">t.p. (S.N. Kartikasari) t.p. verso (Sri Nurani Kartikasari)</subfield>
  </datafield>
</record>